@article{Moradi2019survey,
	note = {[Online; accessed 2024-11-14]},
	author = {Moradi, Reza and Berangi, Reza and Minaei, Behrouz},
	journal = {Artificial Intelligence Review},
	number = {6},
	year = {2019},
	month = {dec 5},
	pages = {3947--3986},
	publisher = {{Springer Science and Business Media LLC}},
	title = {A survey of regularization strategies for deep models},
	volume = {53},
}
@misc{Louizos2017Learning,
	author = {Louizos, Christos and Welling, Max and Kingma, Diederik P.},
	year = {2017},
	month = {dec 4},
	title = {Learning sparse neural networks through \textdollar{}{L}\textunderscore{}0\textdollar{} regularization},
	howpublished = {https://arxiv.org/abs/1712.01312},
}
@misc{streetViewAPI,
	author = {Google},
	year = {2025},
	title = {Street View Static API overview},
	howpublished = {https://developers.google.com/maps/documentation/streetview/overview},
}
@misc{streetViewAI1,
	author = {Alex Korte},
	year = {2022},
	title = {GeoGuessr AI: A PyTorch implementation of a 3D CNN model to train an AI that can guess locations based off of images},
	howpublished = {https://github.com/Stelath/geoguessr-ai},
}
@misc{streetViewAI2,
	title={Learning Generalized Zero-Shot Learners for Open-Domain Image Geolocalization}, 
      author={Lukas Haas and Silas Alberti and Michal Skreta},
      year={2023},
      eprint={2302.00275},
      archivePrefix={arXiv},
      primaryClass={cs.CV}
}
@inproceedings{liu2021selfish,
  title={Selfish sparse rnn training},
  author={Liu, Shiwei and Mocanu, Decebal Constantin and Pei, Yulong and Pechenizkiy, Mykola},
  booktitle={International Conference on Machine Learning},
  pages={6893--6904},
  year={2021},
  organization={PMLR}
}
@article{10.5555/972470.972475,
author = {Marcus, Mitchell P. and Marcinkiewicz, Mary Ann and Santorini, Beatrice},
title = {Building a large annotated corpus of English: the penn treebank},
year = {1993},
issue_date = {June 1993},
publisher = {MIT Press},
address = {Cambridge, MA, USA},
volume = {19},
number = {2},
issn = {0891-2017},
journal = {Comput. Linguist.},
month = jun,
pages = {313â€“330},
numpages = {18}
}
@misc{google_street_view_dataset,
year = 2024,
author={Paul Chambaz, Google},
title={Google Street View Images Dataset (on~Kaggle)},
howpublished={https://www.kaggle.com/datasets/paulchambaz/google-street-view}
}
